@online{krisemanual,
title = {Forberedt p√• kriser},
author = {Beredskabstyrelsen},
url = {https://www.brs.dk/globalassets/brs---beredskabsstyrelsen/dokumenter/forberedt/--forberedt_paa_kriser_lowres-.pdf},
urldate = {2024-11-28}}
@online{BMR-artikel,
title = {Basal metabolic rate},
author = {Wikipedia},
url = {https://en.wikipedia.org/wiki/Basal_metabolic_rate},
urldate = {2024-07-12}}
@online{Harris-Benedict-formel,
title = {Harris-Benedict equation},
author = {Wikipedia},
url = {https://en.wikipedia.org/wiki/Harris-Benedict_equation},
urldate = {2024-07-12}}
@online{EE-artikel, 
title = {Energy expenditure},
author = {Wikipedia},
url = {https://en.wikipedia.org/wiki/Energy_expenditure},
urldate = {2024-07-12}}
@online{OMNI-calc,
title = {Maintenance Calorie Calculator},
author = {Aleksandra Zajac MD and Joanna Michalowska PhD},
url = {https://www.omni-calculator.com/},
urldate = {2024-07-12}} 